% Encoding: UTF-8
@TechReport{ansibleid,
  author      = {RedHat},
  title       = {ANSIBLE IN DEPTH},
  institution = {Red Hat Inc.},
  year        = {2017},
  type        = {whitepaper},
  url         = {https://www.ansible.com/hubfs/pdfs/Ansible-InDepth-WhitePaper.pdf},
}

@TechReport{clouddocs,
	author      = {cloud-init.io},
	title       = {cloud-init-docs-modules},
	institution = {cloud-init},
	year        = {2019},
	type        = {documentation},
	url         = {https://cloudinit.readthedocs.io/en/latest/topics/modules.html},
}

@TechReport{ansibledocs,
    author      = {Red Hat},
    title       = {Ansible Documentation},
    institution = {ansible},
    year        = {2019},
    type        = {documentation},
    url         = {https://docs.ansible.com/ansible/latest/},
}


@TechReport{cloudred,
	author      = {Marc Skinner and Michael Heldebrant},
	title       = {Cloud-Init},
	institution = {RedHat},
	year        = {2017},
	type        = {presentation},
	url         = {https://people.redhat.com/mskinner/rhug/q3.2014/cloud-init.pdf},
}

@WWW{cloudsite,
  author      = {Scott Moser and Joshua Harlow},
  editor      = {cloud-init},
  title       = {cloud-init.io},
  year        = {2019},
  url         = {https://cloud-init.io/},
  institution = {cloud-init},
  type        = {website},
}

@Electronic{viktorpet,
  author  = {Viktor Petersson},
  editor  = {CloudSigma},
  title   = {An introduction to server provisioning with CloudInit},
  year    = {2017},
  url     = {https://www.cloudsigma.com/an-introduction-to-server-provisioning-with-cloudinit/},
  journal = {Cloudsigma},
  owner   = {CloudSigma},
}

@Electronic{scottharney,
  author    = {Scott Harney},
  title     = {Using Ansible to Bootstrap My Work Environment Part 4},
  year      = {2016},
  url       = {https://www.scottharney.com/using-ansible-to-bootstap-my-work-environment-part-4/},
  journal   = {Blog},
  timestamp = {2016.07.06},
}

@Electronic{commonscottharney,
  author    = {Scott Harney},
  title     = {Using Ansible to Bootstrap My Work Environment Part 3},
  year      = {2016},
  url       = {https://www.scottharney.com/using-ansible-to-bootstap-my-work-environment-part-3/},
  journal   = {Blog},
  timestamp = {2016.07.05},
}

@Electronic{justinellin,
    author    = {Justin Ellingwood},
    title     = {How To Use Git to Manage your User Configuration Files on a Linux VPS},
    year      = {2014},
    url       = {https://www.digitalocean.com/community/tutorials/how-to-use-git-to-manage-your-user-configuration-files-on-a-linux-vps},
    journal   = {Blog},
    timestamp = {2016.02.21},
}

@TechReport{asuslaptop,
  author = {Hardware.info},
  title  = {Specificaties Asus X750L},
  year   = {2013},
  url    = {https://be.hardware.info/product/204862/asus-x750l/specificaties},
}

@TechReport{hetzner,
    author = {Hetzner},
    title  = {Site Hetzner},
    url    = {https://www.hetzner.com/},
}

@Electronic{cloudVagrant,
  author    = {Alex Tomkins},
  title     = {Testing cloud-init with Vagrant},
  year      = {2016},
  url       = {https://www.alextomkins.com/2016/09/testing-cloud-init-with-vagrant/},
  journal   = {Blog},
  timestamp = {2016.09.18},
}

@Electronic{ansibleVagrant,
    author    = {James Young},
    title     = {Ansible with Vagrant on Windows},
    year      = {2019},
    url       = {https://blog.zencoffee.org/2016/08/ansible-vagrant-windows/},
    journal   = {Blog},    
    timestamp = {2016.08.26},
}

@Electronic{scaleaway,
	author    = {Scaleway},
	title     = {How to use Cloud-Init to configure your server at first boot},
	url       = {https://www.scaleway.com/en/docs/how-to-use-cloud-init-to-configure-your-server-at-first-boot/}, 
}


@TechReport{hetznerWiki,
    author = {Wiki Hetzner},
    title  = {Wiki Hetzner - Can I use Cloud-Init when creating servers?},
    url    = {https://wiki.hetzner.de/index.php/CloudServer/en#Can_I_use_Cloud-Init_when_creating_servers.3F},
}

@Electronic{lamp,
	author    = {J. Potter},
	title     = {What is a LAMP stack?},
	editor  = {liquidweb},
	year      = {2019},
	url       = {https://www.liquidweb.com/kb/what-is-a-lamp-stack/},
	timestamp = {2019.01.30},
}

@Electronic{butcher,
    author    = {Matt Butcher},
    title     = {Instant LAMP Server: Using Cloud-Init to Pre-configure Cloud Compute Instances},
    editor  = {Techno Sophos},
    year      = {2013},
    url       = {http://technosophos.com/2013/04/25/instant-lamp-server-using-cloud-init-pre-configure-cloud-compute-instances.html},
    timestamp = {2013.04.25},
}

@Electronic{dias,
    author    = {NMDias},
    title     = {How to setup MySQL with cloud-init?},
    editor  = {DigitalOcean},
    year      = {2017},
    url       = {https://www.digitalocean.com/community/questions/how-to-setup-mysql-with-cloud-init},
    timestamp = {2017.01.29},
}


@Electronic{docker,
	title     = {What is Docker?},
	editor  = {opensource},
	year      = {2019},
	url       = {https://opensource.com/resources/what-docker},
}

@Electronic{bekker,
    author    = {Ruan Bekker},
    title     = {Setup a LAMP Stack With Ansible Using Ubuntu},
    year      = {2018},
    url       = {https://blog.ruanbekker.com/blog/2018/07/08/setup-a-lamp-stack-with-ansible-using-ubuntu/},
    journal   = {Blog},
    timestamp = {2018.07.08},
}



@misc{vagrantfile,
	title  = {Example Vagrantfile},
	url    = {https://dzone.com/articles/the-great-feature-of-vagrant-multi-machine},
	timestamp = {2016.09.08},
	year = {2016},
	author = {Rafael Salerno},
}

@misc{hassin,
    title  = {Ansible MySQL},
    url    = {https://gist.github.com/ihassin/8106956},
    year = {2013},
    author = {Itamar Hassin
    },
}

@misc{ansibleplaybook,
	title  = {Example Ansible Playbook},
	url    = {https://blog.rackspace.com/how-to-deploy-ansible-accessible-explanation},
	timestamp = {2016.08.01},
	year = {2016},
	author = {Denise Irvin},
}


@Misc{toolbas64,
	title  = {Tool Base 64 encoding},
	url    = {https://codebeautify.org/base64-encode},
}

@Misc{toolmkpass,
	title  = {Tool makepasswd},
	url    = {https://www.mkpasswd.net/index.php},
}

@Comment{jabref-meta: databaseType:biblatex;}
